<?xml version="1.0" encoding="UTF-8"?><collection xmlns="http://www.loc.gov/MARC21/slim"><record><leader>00601nam--2200181-i-4500</leader><controlfield tag="001">000038248</controlfield><controlfield tag="002">20161230</controlfield><controlfield tag="005">20161230201041</controlfield><controlfield tag="008">060222s1000------------r-----000-0-fre-d</controlfield><datafield ind1=" " ind2=" " tag="040"><subfield code="a">IFIN-HH</subfield></datafield><datafield ind1=" " ind2=" " tag="041"><subfield code="a">fre</subfield></datafield><datafield ind1=" " ind2=" " tag="080"><subfield code="a">535.375.5(043)</subfield></datafield><datafield ind1="1" ind2=" " tag="100"><subfield code="a">Reinisch, Raymond</subfield></datafield><datafield ind1="1" ind2="0" tag="245"><subfield code="a">Etude theorique de polaritons excites par effet raman stimule dans un milieu amorti. determination des forces d`oscillateur et des susceptibilites raman du quartz</subfield><subfield code="b">These</subfield><subfield code="c">Raymond reinisch</subfield></datafield><datafield ind1=" " ind2=" " tag="260"><subfield code="a">Orsay</subfield><subfield code="b">Universite De Paris-sud</subfield><subfield code="c">1975</subfield></datafield><datafield ind1=" " ind2=" " tag="300"><subfield code="a">122P</subfield></datafield><datafield ind1=" " ind2=" " tag="852"><subfield code="a">44138</subfield><subfield code="c">535</subfield></datafield><datafield ind1=" " ind2=" " tag="CAT"><subfield code="a">Sys</subfield><subfield code="c">20110125</subfield><subfield code="h">094508</subfield></datafield></record></collection>